<record><leader>00000cas a2200000 a 4500</leader><controlfield tag="001">9540564</controlfield><controlfield tag="007">hd afv---baca</controlfield><controlfield tag="007">hd bfv---baaa</controlfield><controlfield tag="008">830524d18401915mduwr nea     0    0eng c</controlfield><datafield ind1=" " ind2=" " tag="010"><subfield code="a">   00221276 </subfield></datafield><datafield ind1=" " ind2=" " tag="040"><subfield code="a">BHA</subfield><subfield code="b">eng</subfield><subfield code="c">BHA</subfield><subfield code="d">ATL</subfield><subfield code="d">OCL</subfield><subfield code="d">OCLCQ</subfield><subfield code="d">OCLCF</subfield><subfield code="d">OCLCO</subfield><subfield code="d">OCLCQ</subfield></datafield><datafield ind1=" " ind2=" " tag="042"><subfield code="a">pcc</subfield></datafield><datafield ind1="1" ind2="4" tag="050"><subfield code="a">BX8001</subfield></datafield><datafield ind1="0" ind2=" " tag="130"><subfield code="a">Lutheran observer (Baltimore, Md. : 1840)</subfield></datafield><datafield ind1="1" ind2="4" tag="245"><subfield code="a">The Lutheran observer.</subfield></datafield><datafield ind1=" " ind2=" " tag="260"><subfield code="a">Baltimore :</subfield><subfield code="b">B. Kurtz,</subfield><subfield code="c">1840-1915]</subfield></datafield><datafield ind1=" " ind2=" " tag="300"><subfield code="a">77 volumes ;</subfield><subfield code="c">22-67 cm</subfield></datafield><datafield ind1=" " ind2=" " tag="310"><subfield code="a">Weekly</subfield></datafield><datafield ind1=" " ind2=" " tag="336"><subfield code="a">text</subfield><subfield code="b">txt</subfield><subfield code="2">rdacontent</subfield></datafield><datafield ind1=" " ind2=" " tag="337"><subfield code="a">microform</subfield><subfield code="b">h</subfield><subfield code="2">rdamedia</subfield></datafield><datafield ind1=" " ind2=" " tag="338"><subfield code="a">microfilm reel</subfield><subfield code="b">hd</subfield><subfield code="2">rdacarrier</subfield></datafield><datafield ind1="0" ind2=" " tag="362"><subfield code="a">Vol. 7, no. 27 (Mar. 5, 1840)-v. 83, no. 43 (Oct. 22, 1915) = Whole no. 339-whole no. 9293.</subfield></datafield><datafield ind1=" " ind2=" " tag="500"><subfield code="a">Title from caption.</subfield></datafield><datafield ind1=" " ind2=" " tag="580"><subfield code="a">Merged with: Lutheran church work (Harrisburg, Pa.), to form: Lutheran church work and observer.</subfield></datafield><datafield ind1=" " ind2=" " tag="533"><subfield code="a">Microfilm.</subfield><subfield code="m">v.7-83 (1840-1915):[Lacks:v.50:no. 1:p.3-4;v.74:no. 113:p.7-8:no. 34:p.11-12;v.77:no. 12:p.9-10:no. 17:p.9-10;v.83:no. 5:p.13-14]</subfield><subfield code="b">Evanston, Ill. :</subfield><subfield code="c">American Theological Library Association,</subfield><subfield code="d">1965.</subfield><subfield code="e">49 microfilm reels ; 35 mm.</subfield><subfield code="f">(ATLA serials preservation program ; ATLA film S0088E).</subfield><subfield code="n">Reel 1 includes some issues of earlier title.</subfield></datafield><datafield ind1=" " ind2="0" tag="650"><subfield code="a">Lutheran Church</subfield><subfield code="v">Newspapers.</subfield></datafield><datafield ind1=" " ind2="7" tag="650"><subfield code="a">Lutheran Church.</subfield><subfield code="2">fast</subfield><subfield code="0">(OCoLC)fst01003996</subfield></datafield><datafield ind1=" " ind2="7" tag="655"><subfield code="a">Newspapers.</subfield><subfield code="2">fast</subfield><subfield code="0">(OCoLC)fst01423814</subfield></datafield><datafield ind1="1" ind2=" " tag="776"><subfield code="c">Original</subfield><subfield code="w">(DLC)sn 93060367</subfield><subfield code="w">(OCoLC)1776503</subfield></datafield><datafield ind1="0" ind2="0" tag="780"><subfield code="t">Lutheran observer and weekly religious and literary visiter</subfield><subfield code="w">(DLC)   00221275</subfield><subfield code="w">(OCoLC)9541420</subfield></datafield><datafield ind1="0" ind2="5" tag="780"><subfield code="t">Lutheran evangelist</subfield><subfield code="g">Oct. 8, 1909</subfield></datafield><datafield ind1="1" ind2="7" tag="785"><subfield code="t">Lutheran church work (Harrisburg, Pa.)</subfield><subfield code="w">(DLC)   00221392</subfield><subfield code="w">(OCoLC)11412405</subfield></datafield><datafield ind1="1" ind2="7" tag="785"><subfield code="t">Lutheran church work and observer</subfield><subfield code="w">(DLC)   00221393</subfield><subfield code="w">(OCoLC)11413100</subfield></datafield><datafield ind1=" " ind2="0" tag="830"><subfield code="a">ATLA serials preservation program ;</subfield><subfield code="v">ATLA film S0088E.</subfield></datafield><datafield ind1="1" ind2=" " tag="029"><subfield code="a">AU@</subfield><subfield code="b">000021431567</subfield></datafield></record>